@inbook{karp72,
  author          = {Karp, Richard M.},
  title           = {{Reducibility among Combinatorial Problems}},
  booktitle       = {Complexity of Computer Computations. The IBM Research Symposia Series},
  publisher       = {Springer US},
  address         = {Boston, MA},
  year            = {1972},
  pages           = {85--103},
  isbn            = {978-1-4684-2001-2},
  doi             = {10.1007/978-1-4684-2001-2_9},
}

@techreport{christofides76,
  author          = {Christofides, Nicos},
  title           = {{Worst-Case Analysis of a New Heuristic for the Travelling Salesman Problem}},
  institution     = {Carnegie Mellon University},
  type            = {Technical report},
  number          = {388},
  year            = {1976},
}

@article{sahni76,
  author          = {Sahni, Sartaj and Gonzalez, Teofilo},
  title           = {{P-Complete Approximation Problems}},
  journal         = {J. ACM},
  publisher       = {Association for Computing Machinery},
  address         = {New York, NY, USA},
  volume          = {23},
  number          = {3},
  pages           = {555--565},
  numpages        = {11},
  year            = {1976},
  issn            = {0004-5411},
  doi             = {10.1145/321958.321975},
}

@online{nielsen93,
  author          = {Nielsen, Jakob},
  title           = {Response Times: The 3 Important Limits},
  year            = {1993},
  month           = {1},
  day             = {1},
  url             = {https://www.nngroup.com/articles/response-times-3-important-limits/},
  urldate         = {2023-12-16},
}

@inbook{brooke96,
  author          = {Brooke, John},
  title           = {{SUS: A `Quick and Dirty' Usability Scale}},
  booktitle       = {{Usability Evaluation In Industry}},
  publisher       = {CRC Press},
  edition         = {1},
  address         = {London},
  year            = {1996},
  month           = {06},
  pages           = {189--194},
  isbn            = {9780429157011},
  doi             = {10.1201/9781498710411},
}

@inproceedings{li05,
  author          = {Li, Feifei and Cheng, Dihan and Hadjieleftheriou, Marios and Kollios, George and Teng, Shang-Hua},
  title           = {{On Trip Planning Queries in Spatial Databases}},
  booktitle       = {Advances in Spatial and Temporal Databases},
  year            = {2005},
  publisher       = {Springer Berlin Heidelberg},
  address         = {Berlin, Heidelberg},
  pages           = {273--290},
  isbn            = {978-3-540-31904-7},
  doi             = {10.1007/11535331_16},
}

@online{timbl06,
  author          = {Berners-Lee, Tim},
  title           = {{Linked Data. Personal View}},
  year            = {2006},
  url             = {https://www.w3.org/DesignIssues/LinkedData.html},
  urldate         = {2023-10-23},
}

@inproceedings{auer07,
  author          = {Auer, S{\"o}ren and Bizer, Christian and Kobilarov, Georgi and Lehmann, Jens and Cyganiak, Richard and Ives, Zachary},
  title           = {{DBpedia: A Nucleus for a Web of Open Data}},
  booktitle       = {The Semantic Web},
  year            = {2007},
  publisher       = {Springer Berlin Heidelberg},
  address         = {Berlin, Heidelberg},
  pages           = {722--735},
  isbn            = {978-3-540-76298-0},
  doi             = {10.1007/978-3-540-76298-0_52},
}

@inproceedings{glinz07,
  author          = {Glinz, Martin},
  title           = {{On Non-Functional Requirements}},
  booktitle       = {15th IEEE International Requirements Engineering Conference (RE 2007)}, 
  year            = {2007},
  pages           = {21--26},
  doi             = {10.1109/RE.2007.45},
}

@article{plewe07,
  author          = {Plewe, Brandon},
  title           = {{Web Cartography in the United States}},
  journal         = {Cartography and Geographic Information Science},
  publisher       = {Taylor \& Francis},
  volume          = {34},
  number          = {2},
  pages           = {133--136},
  year            = {2007},
  doi             = {10.1559/152304007781002235},
}

@inproceedings{chen08,
  author          = {Chen, Haiquan and Ku, Wei-Shinn and Sun, Min-Te and Zimmermann, Roger},
  title           = {{The Multi-Rule Partial Sequenced Route Query}},
  booktitle       = {Proceedings of the 16th ACM SIGSPATIAL International Conference on Advances in Geographic Information Systems},
  series          = {GIS '08},
  publisher       = {Association for Computing Machinery},
  address         = {New York, NY, USA},
  articleno       = {10},
  numpages        = {10},
  year            = {2008},
  isbn            = {9781605583235},
  doi             = {10.1145/1463434.1463448},
  keywords        = {advanced traveler information systems, location-based services},
}

@inproceedings{kanza08,
  author          = {Kanza, Yaron and Safra, Eliyahu and Sagiv, Yehoshua and Doytsher, Yerach},
  title           = {{Heuri\-stic Algorithms for Route-Search Queries over Geographical Data}},
  booktitle       = {Proceedings of the 16th ACM SIGSPATIAL International Conference on Advances in Geographic Information Systems},
  publisher       = {Association for Computing Machinery},
  address         = {New York, NY, USA},
  series          = {GIS '08},
  articleno       = {11},
  numpages        = {10},
  year            = {2008},
  isbn            = {9781605583235},
  doi             = {10.1145/1463434.1463449},
  keywords        = {path, route, geographic information system, heuristic algorithms, search, approximation algorithms},
}

@book{matousek08,
  author          = {Matoušek, Jiří and Nešetřil, Jaroslav},
  title           = {{Invitation to Discrete Mathematics}},
  address         = {Oxford},
  publisher       = {Oxford University Press},
  edition         = {2},
  year            = {2008},
  isbn            = {978-0-19-857043-1},
}

@online{palermo08,
  author          = {Palermo, Jeffrey},
  title           = {{The Onion Architecture: part 1}},
  year            = {2008},
  month           = {7},
  day             = {29},
  url             = {https://jeffreypalermo.com/2008/07/the-onion-architecture-part-1/},
  urldate         = {2023-11-14},
}

@article{sharifzadeh08,
  author          = {Sharifzadeh, Mehdi and Kolahdouzan, Mohammad and Shahabi, Cyrus},
  title           = {{The Optimal Sequenced Route Query}},
  journal         = {The VLDB Journal},
  publisher       = {Springer-Verlag},
  address         = {Berlin, Heidelberg},
  volume          = {17},
  number          = {4},
  pages           = {765--787},
  numpages        = {23},
  year            = {2008},
  issn            = {1066-8888},
  doi             = {10.1007/s00778-006-0038-6},
  keywords        = {Trip planning queries, Spatial databases, Nearest neighbor search},
}

@online{timbl09,
  author          = {Berners-Lee, Tim},
  title           = {{Socially Aware Cloud Storage. Personal View}},
  year            = {2009},
  url             = {https://www.w3.org/DesignIssues/CloudStorage.html},
  urldate         = {2023-10-24},
}

@article{kanza10,
  author          = {Kanza, Yaron and Levin, Roy and Safra, Eliyahu and Sagiv, Yehoshua},
  title           = {{Interactive Route Search in the Presence of Order Constraints}},
  journal         = {Proc. VLDB Endow.},
  publisher       = {VLDB Endowment},
  volume          = {3},
  number          = {1--2},
  pages           = {117--128},
  numpages        = {12},
  year            = {2010},
  issn            = {2150-8097},
  doi             = {10.14778/1920841.1920861},
  keywords        = {search, interactive algorithms, probabilistic data, route, geographic information system, heuristic algorithms, path},
}

@book{williamson10,
  author          = {Williamson, David P. and Shmoys, David B.},
  title           = {{The Design of Approximation Algorithms}},
  year            = {2010},
  url             = {https://www.designofapproxalgs.com/},
  urldate         = {2022-12-23},
}

@online{sauro11,
  author          = {Sauro, Jeff},
  title           = {{Measuring Usability with the System Usability Scale (SUS)}},
  year            = {2011},
  month           = {02},
  day             = {03},
  url             = {https://measuringu.com/sus/},
  urldate         = {2023-12-26},
}

@article{tsou11,
  author          = {Tsou, Ming-Hsiang},
  title           = {{Revisiting Web Cartography in the United States: the Rise of User-Centered Design}},
  journal         = {Cartography and Geographic Information Science},
  publisher       = {Taylor \& Francis},
  volume          = {38},
  number          = {3},
  pages           = {250--257},
  year            = {2011},
  doi             = {10.1559/15230406382250},
}

@article{vansteenwegen11,
  author          = {Vansteenwegen, Pieter and Souffriau, Wouter and Vanden Berghe, Greet and Van Oudheusden, Dirk},
  title           = {{The City Trip Planner: An expert system for tourists}},
  journal         = {Expert Systems with Applications},
  volume          = {38},
  number          = {6},
  pages           = {6540--6546},
  year            = {2011},
  issn            = {0957-4174},
  doi             = {10.1016/j.eswa.2010.11.085},
  keywords        = {Personalised tourist guide, Orienteering Problem, Greedy Randomised Adaptive Search Procedure},
}

@article{cao12,
  author          = {Cao, Xin and Chen, Lisi and Cong, Gao and Xiao, Xiaokui},
  title           = {{Keyword-aware Optimal Route Search}},
  journal         = {Proc. VLDB Endow.},
  publisher       = {VLDB Endowment},
  volume          = {5},
  pages           = {1136--1147},
  numpages        = {12},
  number          = {11},
  year            = {2012},
  issn            = {2150-8097},
  doi             = {10.14778/2350229.2350234},
}

@inproceedings{friedman12,
  author          = {Friedman, Roi and Hefez, Itsik and Kanza, Yaron and Levin, Roy and Safra, Eliyahu and Sagiv, Yehoshua},
  title           = {{WISER: a web-based interactive route search system for smartphones}},
  booktitle       = {Proceedings of the 21st International Conference on World Wide Web},
  publisher       = {Association for Computing Machinery},
  numpages        = {4},
  pages           = {337--340},
  year            = {2012},
  isbn            = {9781450312301},
  doi             = {10.1145/2187980.2188043},
  keywords        = {route search, navigation, path planning, android},
}

@book{sipser13,
  author          = {Sipser, Michael},
  title           = {{Introduction to the Theory of Computation}},
  publisher       = {Course Technology Cengage Learning},
  address         = {Boston},
  edition         = {3},
  isbn            = {978-1-133-18779-0},
  year            = {2013},
}

@techreport{sparql13,
  author          = {The {W3C} {SPARQL} Working Group},
  title           = {{SPARQL 1.1. Overview}},
  type            = {{W3C} Recommendation},
  year            = {2013},
  url             = {http://www.w3.org/TR/2013/REC-sparql11-overview-20130321/},
  urldate         = {2023-10-22},
}

@article{englert14,
  author          = {Englert, Matthias and R\"{o}glin, Heiko and V\"{o}cking, Berthold},
  title           = {{Worst Case and Probabilistic Analysis of the 2-Opt Algorithm for the TSP}},
  journal         = {Algorithmica},
  number          = {1},
  volume          = {68},
  pages           = {190--264},
  year            = {2014},
  issn            = {1432-0541},
  doi             = {10.1007/s00453-013-9801-4},
}

@techreport{rdfconcepts14,
  author          = {Cyganiak, Richard and Wood, David and Lanthaler, Markus},
  title           = {{RDF 1.1. Concepts and Abstract Syntax}},
  type            = {{W3C} Recommendation},
  year            = {2014},
  url             = {http://www.w3.org/TR/2014/REC-rdf11-concepts-20140225/},
  urldate         = {2023-10-22},
}

@techreport{ntriples14,
  author          = {Carothers, Gavin and Seaborne, Andy},
  title           = {{RDF 1.1. N-Triples. A line-based syntax for an RDF graph}},
  type            = {{W3C} Recommendation},
  year            = {2014},
  url             = {http://www.w3.org/TR/2014/REC-n-triples-20140225/},
  urldate         = {2023-10-22},
}

@techreport{nquads14,
  author          = {Carothers, Gavin},
  title           = {{RDF 1.1. N-Quads. A line-based syntax for an RDF graph}},
  type            = {{W3C} Recommendation},
  year            = {2014},
  url             = {http://www.w3.org/TR/2014/REC-n-quads-20140225/},
  urldate         = {2023-10-22},
}

@article{gunawan16,
  author          = {Gunawan, Aldy and Lau, Hoong Chuin and Vansteenwegen, Pieter},
  title           = {{Orienteering Problem: A survey of recent variants, solution approaches and applications}},
  journal         = {European Journal of Operational Research},
  volume          = {255},
  number          = {2},
  pages           = {315--332},
  year            = {2016},
  issn            = {0377-2217},
  doi             = {10.1016/j.ejor.2016.04.059},
  keywords        = {Scheduling, Survey, Orienteering Problem, Practical Applications},
}

@inproceedings{mansour16,
  author          = {Mansour, Essam and Sambra, Andrei Vlad and Hawke, Sandro and Zereba, Maged and Capadisli, Sarven and Ghanem, Abdurrahman and Berners-Lee, Tim and Aboulnaga, Ashraf},
  title           = {{A Demonstration of the Solid Platform for Social Web Applications}},
  publisher       = {International World Wide Web Conferences Steering Committee},
  booktitle       = {Proceedings of the 25th International Conference Companion on World Wide Web},
  series          = {WWW '16 Companion},
  pages           = {223--226},
  numpages        = {4},
  year            = {2016},
  isbn            = {9781450341448},
  doi             = {10.1145/2872518.2890529},
  keywords        = {social web, decentralization, webid, linked data platform (ldp), sparql},
}

@misc{wikidata16,
  author          = {Kritschmar, Charlie},
  title           = {Graphic representing the datamodel in Wikidata with a statement group and opened references},
  year            = {2016},
  month           = {6},
  url             = {https://www.mediawiki.org/wiki/File:Datamodel_in_Wikidata.svg},
  urldate         = {2023-11-02},
}

@book{diestel17,
  author          = {Diestel, Reinhard},
  title           = {{Graph Theory}},
  edition         = {5th Electronic Edition},
  year            = {2016},
  url             = {http://diestel-graph-theory.com/},
  urldate         = {2023-11-21},
}

@inproceedings{ali18,
  author          = {Ali, Saqib and Wang, Guojun and White, Bebo and Cottrell, Roger Leslie},
  title           = {{A block\-chain-based decentralized data storage and access framework for PingER}},
  booktitle       = {2018 17th IEEE International Conference On Trust, Security And Privacy In Computing And Communications/ 12th IEEE International Conference On Big Data Science And Engineering (TrustCom/BigDataSE)}, 
  year            = {2018},
  pages           = {1303--1308},
  doi             = {10.1109/TrustCom/BigDataSE.2018.00179},
}

@online{brown18,
  author          = {Brown, Simon},
  title           = {{The C4 Model for Software Architecture}},
  year            = {2018},
  month           = {6},
  day             = {25},
  url             = {https://www.infoq.com/articles/C4-architecture-model/},
  urldate         = {2023-11-12},
}

@inproceedings{herzog18,
  author          = {Herzog, Daniel and La\ss{}, Christopher and W\"{o}rndl, Wolfgang},
  title           = {{Tourrec: a tourist trip recommender system for individuals and groups}},
  booktitle       = {Proceedings of the 12th ACM Conference on Recommender Systems},
  publisher       = {Association for Computing Machinery},
  series          = {RecSys '18},
  numpages        = {2},
  pages           = {496--497},
  year            = {2018},
  isbn            = {9781450359016},
  doi             = {10.1145/3240323.3241612},
  keywords        = {mobile application, tourist trip, user study, recommender system, group recommendation},
}

@techreport{indexeddb18,
  author          = {Alabbas, Ali and Bell, Joshua},
  title           = {{Indexed Database API 2.0}},
  type            = {{W3C} Recommendation},
  year            = {2018},
  url             = {https://www.w3.org/TR/2018/REC-IndexedDB-2-20180130/},
  urldate         = {2023-12-07},
}

@article{ismayilov18,
  author          = {Ismayilov, Ali and Kontokostas, Dimitris and Auer, S\"{o}ren and Lehmann, Jens and Hellmann, Sebastian},
  title           = {{Wikidata through the eyes of DBpedia}},
  journal         = {Semant. Web},
  publisher       = {IOS Press},
  year            = {2018},
  volume          = {9},
  number          = {4},
  pages           = {493--503},
  numpages        = {11},
  issn            = {2210-4968},
  doi             = {10.3233/SW-170277},
  keywords        = {RDF, Wikidata, DBpedia},
}

@article{zenklusen18,
  author          = {Zenklusen, Rico},
  title           = {{A 1.5-Approximation for Path TSP}},
  journal         = {CoRR},
  year            = {2018},
  doi             = {10.48550/arXiv.1805.04131},
  eprinttype      = {arXiv},
}

@inproceedings{herzog19,
  author          = {Herzog, Daniel and Sikander, Sherjeel and W\"{o}rndl, Wolfgang},
  title           = {{Integrating route attractiveness attributes into tourist trip recommendations}},
  booktitle       = {Companion Proceedings of The 2019 World Wide Web Conference},
  publisher       = {Association for Computing Machinery},
  numpages        = {6},
  pages           = {96--101},
  year            = {2019},
  isbn            = {9781450366755},
  doi             = {10.1145/3308560.3317052},
  keywords        = {Tourist Trip Design Problem, Route Attractiveness, Environmental Data, Recommender System, User Study},
}

@inproceedings{kleppman19,
  author          = {Kleppmann, Martin and Wiggins, Adam and van Hardenberg, Peter and McGranaghan, Mark},
  title           = {{Local-first software: you own your data, in spite of the cloud}},
  booktitle       = {Proceedings of the 2019 ACM SIGPLAN International Symposium on New Ideas, New Paradigms, and Reflections on Programming and Software},
  publisher       = {ACM},
  numpages        = {25},
  pages           = {154--178},
  year            = {2019},
  isbn            = {9781450369954},
  doi             = {10.1145/3359591.3359737},
  keywords        = {data ownership, CRDTs, mobile computing, peer-to-peer communication, collaboration software},
}

@article{guo20,
  author          = {Guo, Dongming and Onstein, Erling},
  title           = {{State-of-the-Art Geospatial Information Processing in NoSQL Databases}},
  journal         = {ISPRS International Journal of Geo-Information},
  volume          = {9},
  number          = {5},
  year            = {2020},
  issn            = {2220-9964},
  doi             = {10.3390/ijgi9050331},
}

@techreport{jsonld20,
  author          = {Kellogg, Gregg and Champin, Pierre-Antoine and Longley, Dave},
  title           = {{JSON-LD 1.1. A JSON-based Serialization for Linked Data}},
  type            = {{W3C Recommendation}},
  year            = {2020},
  url             = {https://www.w3.org/TR/2020/REC-json-ld11-20200716/},
  urldate         = {2023-10-22},
}

@online{nolde20,
  author          = {Nolde, Nils},
  title           = {{Open Source Routing Engines And Algorithms -- An Overview}},
  year            = {2020},
  month           = {12},
  day             = {4},
  url             = {https://gis-ops.com/open-source-routing-engines-and-algorithms-an-overview/},
  urldate         = {2023-11-18},
}

@inproceedings{traub20,
  author          = {Traub, Vera and Vygen, Jens},
  title           = {{An improved approximation algorithm for ATSP}},
  booktitle       = {Proceedings of the 52nd Annual {ACM} {SIGACT} Symposium on Theory of Computing},
  publisher       = {Association for Computing Machinery},
  pages           = {1--13},
  numpages        = {13},
  year            = {2020},
  doi             = {10.1145/3357713.3384233},
  isbn            = {9781450369794},
  keywords        = {approximation algorithms, traveling salesman problem, integrality ratio},
}

@book{kgbook21,
  author          = {Hogan, Aidan and Blomqvist, Eva and Cochez, Michael and d'Amato, Claudia and de Melo, Gerard and Guti\'errez, Claudio and Kirrane, Sabrina and Labra Gayo, Jos\'e Emilio and Navigli, Roberto and Neumaier, Sebastian and Ngonga Ngomo, Axel-Cyrille and Polleres, Axel and Rashid, Sabbir M. and Rula, Anisa and Schmelzeisen, Lukas and Sequeda, Juan F. and Staab, Steffen and Zimmermann, Antoine},
  title           = {{Knowledge Graphs}},
  language        = {English},
  number          = {22},
  numpages        = {237},
  publisher       = {Springer},
  series          = {Synthesis Lectures on Data, Semantics, and Knowledge},
  year            = {2021},
  isbn            = {9783031007903},
  url             = {https://kgbook.org/},
  doi             = {10.2200/S01125ED1V01Y202109DSK022},
}

@techreport{solid22,
  author          = {Capadisli, Sarven and Berners-Lee, Tim and Verborgh, Ruben and Kjernsmo, Kjetil},
  title           = {{Solid Protocol. Version 0.10.0 (work in progress)}},
  type            = {Solid Technical Report},
  year            = {2022},
  url             = {https://solidproject.org/TR/2022/protocol-20221231},
  urldate         = {2023-10-24},
}

@inproceedings{wynckel22,
  author          = {{Van de Wynckel}, Maxim and Signer, Beat},
  title           = {{A Solid-based Architecture for Decentralised Interoperable Location Data}},
  booktitle       = {Proceedings of IPIN 2022 (WiP), 12th International Conference on Indoor Positioning and Indoor Navigation, Beijing, China, September 2022},
  year            = {2022},
  volume          = {3248},
  publisher       = {CEUR Workshop Proceedings},
  pages           = {1--15},
  url             = {http://www.ipin-conference.org/2022/},
}

@article{pop23,
  author          = {Pop, Petric\u{a} C. and Cosma, Ovidiu and Sabo, Cosmin and Sitar, Corina Pop},
  title           = {{A comprehensive survey on the generalized traveling salesman problem}},
  journal         = {European Journal of Operational Research},
  year            = {2023},
  issn            = {0377-2217},
  doi             = {10.1016/j.ejor.2023.07.022},
  keywords        = {Combinatorial optimization, Traveling salesman problem, Generalized traveling salesman problem, Mathematical formulations, Heuristic and metaheuristic algorithms},
}

@online{adr,
  author          = {Jones, Paul M.},
  title           = {{Action Domain Responder}},
  url             = {https://pmjones.io/adr/},
  urldate         = {2023-11-14},
}

@online{mongodb,
  author          = {MongoDB Inc.},
  title           = {{MongoDB Documentation. Version 4.4}},
  url             = {https://www.mongodb.com/docs/v4.4/},
  urldate         = {2023-12-07},
}

@online{osrm,
  author          = {Project OSRM},
  title           = {{OSRM API Documentation. Version 5.24.0}},
  url             = {https://project-osrm.org/docs/v5.24.0/api/},
  urldate         = {2023-12-14},
}
